
@Article{chow:68,
  author = 	 {C. K. Chow and C. N. Liu},
  title = 	 {Approximating discrete probability distributions with dependence trees},
  journal = 	 {IEEE Transactions on Information Theory},
  year = 	 {1968},
  volume = 	 {IT-14},
  number = 	 {3},
  pages = 	 {462--467}}


@Book{pearl:88,
  author = 	 {Judea Pearl},
  title = 	 {Probabilistic {R}easoning in {I}ntelligent {S}ystems: 
		  {N}etworks of {P}lausible {I}nference},
  publisher = 	 {Morgan Kaufman Publishers},
  year = 	 {1988},
  address = 	 {San Mateo, CA}
}

@inproceedings{NIPS2016_85422afb,
	author = {Yu, Hsiang-Fu and Rao, Nikhil and Dhillon, Inderjit S},
	booktitle = {Advances in Neural Information Processing Systems},
	editor = {D. Lee and M. Sugiyama and U. Luxburg and I. Guyon and R. Garnett},
	pages = {},
	publisher = {Curran Associates, Inc.},
	title = {Temporal Regularized Matrix Factorization for High-dimensional Time Series Prediction},
	url = {https://proceedings.neurips.cc/paper_files/paper/2016/file/85422afb467e9456013a2a51d4dff702-Paper.pdf},
	volume = {29},
	year = {2016}
}